<record><leader>00000cas a22000007a 4500</leader><controlfield tag="001">13740863</controlfield><controlfield tag="008">860617d19531956aluwr ne      0    0eng d</controlfield><datafield ind1=" " ind2=" " tag="010"><subfield code="a">sn 86050242 </subfield></datafield><datafield ind1=" " ind2=" " tag="040"><subfield code="a">AAR</subfield><subfield code="b">eng</subfield><subfield code="c">AAR</subfield><subfield code="d">CPN</subfield><subfield code="d">OCLCQ</subfield></datafield><datafield ind1=" " ind2=" " tag="042"><subfield code="a">msc</subfield></datafield><datafield ind1="0" ind2="0" tag="245"><subfield code="a">Franklin citizen-times.</subfield></datafield><datafield ind1=" " ind2=" " tag="260"><subfield code="a">Russellville, Ala. :</subfield><subfield code="b">Franklin Citizen-Times,</subfield><subfield code="c">1953-1956.</subfield></datafield><datafield ind1=" " ind2=" " tag="300"><subfield code="a">v. :</subfield><subfield code="b">ill. ;</subfield><subfield code="c">56-59 cm.</subfield></datafield><datafield ind1=" " ind2=" " tag="310"><subfield code="a">Weekly</subfield></datafield><datafield ind1="0" ind2=" " tag="362"><subfield code="a">Vol. 73, no. 39 (Oct. 8, 1953)-v. 77, no. 41 (Oct. 11, 1956).</subfield></datafield><datafield ind1=" " ind2=" " tag="752"><subfield code="a">United States</subfield><subfield code="b">Alabama</subfield><subfield code="c">Franklin</subfield><subfield code="d">Russellville.</subfield></datafield><datafield ind1="0" ind2="4" tag="780"><subfield code="t">Franklin citizen</subfield><subfield code="w">(DLC)sn 85044735</subfield></datafield><datafield ind1="0" ind2="4" tag="780"><subfield code="t">Franklin County times (Russellville, Ala. : 1914)</subfield><subfield code="w">(DLC)sn 86050241</subfield></datafield><datafield ind1="0" ind2="0" tag="785"><subfield code="t">Franklin County times</subfield><subfield code="w">(DLC)sn 85044729</subfield></datafield></record>